2682 4718
1016 298 1104 358 im

29 511 30 554 ι
97 481 279 582 Diogenes
292 433 508 600 Babylonius
531 479 751 582 consequens
775 479 813 560 ιιι
841 477 886 561 ἕο
911 487 1025 588 libro,
1044 489 1107 586 qui

97 584 290 700 inscribitur
325 585 370 658 de
399 585 578 678 Minerva,
619 607 758 684 pomum
789 584 893 662 Iovis·
918 611 1106 686 ortumque

96 686 229 783 virginis
257 684 303 757 ad
334 685 594 800 physiologiam
618 686 803 776 traducens
828 688 980 788 diiungit
1004 717 1023 760 a
1048 691 1106 767 sa

96 787 176 857 bula.
187 792 210 830 ‘⁶
265 785 360 860 Hinc
393 787 527 859 sactum
560 791 644 878 est,
662 807 704 858 ut
735 787 839 858 etiam
863 790 982 862 Crates
1008 789 1108 862 Mal-
1154 809 1156 816 “

96 887 175 958 lotes
199 886 343 968 Stoicus
377 885 540 960 doctores
578 913 660 958 suos
692 909 895 984 sequeretur
928 912 964 963 et
994 917 1107 966 vena

96 1005 143 1058 ιοι·
96 969 277 1060 tfieret‘
294 985 544 1087 mythologiae
556 987 831 1088 physiologicas,
858 988 903 1061 de
927 1017 998 1090 quo
1024 985 1106 1066 vide
1178 983 1181 1020 ⁵

95 1087 230 1168 Wdlf:
257 1088 391 1204 proleg.
418 1115 453 1186 p.
480 1084 746 1162 CCLXXVIII.

159 1189 305 1279 Quod
295 1188 403 1285 1gitur
429 1187 697 1262 fundamentum
722 1210 774 1262 est
798 1189 904 1265 huius
925 1190 1106 1288 quaestio-

95 1285 140 1359 nis
183 1289 231 1362 de
276 1290 471 1361 recentiore
512 1309 621 1388 aetate
650 1311 791 1362 astatore
824 1291 1034 1387 theogoniae
1068 1291 1108 1365 id

95 1387 217 1464 iactum
244 1410 319 1464 esse
346 1389 509 1464 videtur
504 1415 589 1482 eo,
609 1389 708 1486 qood
733 1391 960 1506 cosmogonia
984 1391 1109 1464 hesio-

95 1488 145 1561 dia
165 1490 331 1564 cultioris
366 1489 611 1590 philosophiae
643 1511 828 1589 praecepta
861 1492 1047 1606 οοιιιιιιιι,
1073 1513 1109 1564 et

95 1592 186 1687 quasi
220 1590 506 1690 anticipationem
546 1591 713 1662 informat
746 1592 973 1712 provectioris
1003 1592 1107 1667 vitae.

93 1688 225 1764 Verum
258 1692 362 1774 etiam
392 1691 630 1789 heroogoniae
661 1712 784 1764 natura
819 1693 882 1788 (a
838 1719 988 1768 aversu
1010 1692 1108 1788 963)

95 1787 134 1864 de
157 1793 285 1866 eadem
309 1819 348 1864 re
373 1819 438 1864 nos
465 1791 641 1864 admonet.
683 1791 756 1878 Qui
779 1793 922 1867 Latinos
950 1815 985 1866 et
1009 1793 1109 1894 Tyr-
1207 1883 1210 1900 ρ

94 1890 217 1966 rhenos
252 1921 336 1970 cum
374 1893 497 1967 insulis
533 1893 638 1965 sacris
679 1894 985 1986 commemoravit,
1027 1919 1109 1968 eum

96 1995 326 2091 posteriorem
350 1993 509 2066 Homero
535 2019 610 2066 esse
636 1991 782 2066 difficile
806 2016 871 2066 est
869 2021 1021 2092 negare.
1099 2046 1104 2060 .

164 2095 286 2169 Venio
322 2094 367 2166 ad
389 2114 514 2168 cetera
546 2092 706 2166 Hesiodo
739 2093 912 2193 adscripta
943 2095 1108 2190 carmina,

97 2195 209 2268 omnia
237 2195 440 2268 didascalici
465 2194 614 2292 generis,
644 2213 695 2265 et
706 2195 902 2291 argumenti
931 2215 1000 2266 tam
1024 2223 1110 2294 pra-

97 2293 173 2368 ctici
199 2325 308 2396 quam
332 2293 574 2397 mythologici.
624 2294 682 2366 De
706 2293 762 2364 his
791 2294 953 2366 omnihus
981 2297 1109 2368 confe-

98 2396 220 2470 rendus
256 2420 308 2471 est
332 2398 432 2469 locus
457 2393 706 2468 Pausaniae
732 2393 809 2488 IX,
836 2395 904 2487 31,
931 2391 967 2466 ll.
1000 2403 1109 2468 Βοιω·

101 2502 161 2568 τῶν
191 2506 225 2571 δὲ
255 2508 288 2572 οὶ
311 2496 473 2594 περιιὸν
492 2497 650 2568 Ελιαοινα
676 2450 842 2580 οίκοννιις
865 2448 1066 2624 πιεριιλημρι
1069 2525 1109 2622 ap
1181 2527 1186 2536 ’

103 2597 174 2696 δόξῃ
198 2599 411 2692 λέγουσιν,
390 2617 435 2681 ως
458 2596 540 2670 ἄλλο
561 2597 718 2679 Ησίοδος
741 2598 878 2684 ποιήσαι
906 2598 1045 2670 οὐδέν’
1026 2629 1048 2684 ι]
1066 2599 1110 2669 τοι

102 2672 190 2790 ιργιν
221 2707 281 2774 καὶ
310 2699 439 2772 τούτων
472 2705 505 2770 δὲ
539 2694 729 2780 adsarcire
753 2699 1108 2796 Μούσαςάφαιροῦσι

103 2809 290 2927 προοίμιον
306 2809 363 2872 καί
385 2829 444 2892 μοι
475 2799 682 2890 μόλοβδονὲ
668 2805 856 2870 ἐδείκνυσαν
879 2801 1012 2872 ἔνθα
996 2829 1034 2886 η
1045 2829 1111 2886 πη·
1149 2845 1151 2850 -

104 2902 157 2986 νή,
190 2903 234 2973 τοι
266 2900 419 3002 πολλα
404 2898 486 2971 ond
495 2927 555 2970 του
577 2898 703 2994 χρόνον
728 2907 778 2970 la)
775 2909 991 2992 νμασμένον·
1024 2909 1111 2991 ἐγγέ-

105 3027 242 3091 γραπται
267 3009 302 3074 δὲ
327 3003 419 3089 αὐτῷ
445 2997 489 3071 τοι
500 3006 610 3122 ἔργα·
646 3005 713 3072 locs
747 3007 781 3072 δὲ
813 3007 870 3072 καὶ
893 3010 990 3124 ἑτέρα
1013 3029 1112 3090 κεχω-

109 3113 245 3191 ρισμένη
263 3109 323 3190 τῆς
346 3106 447 3194 ιιροτι
448 3129 527 3193 ρας,
556 3099 600 3182 ὡς
623 3103 730 3173 nolon
743 3129 820 3174 τινα
844 3107 931 3172 ἐπῶν
958 3102 976 3173 ὁ
998 3101 1111 3172 Ἡσίο-

109 3203 159 3282 δος
180 3203 334 3298 ἀριθμὸν
352 3205 534 3289 ποιήσειεν·
561 3211 594 3284 ἐς
617 3203 777 3291 γυναῖκάς
800 3230 836 3274 τε
854 3201 1002 3292 διδόμενα
1019 3199 1109 3300 [καὶ]

108 3297 144 3383 ἃς
161 3310 358 3428 μινάλαςὲ
360 3302 606 3393 ιιονομοιζονσιν
625 3303 744 3385 Ἠοίας
772 3309 834 3374 aar
863 3306 1061 3390 Θεογονίαν
1075 3331 1112 3376 τι
1200 3359 1202 3364 ·

108 3407 157 3471 καὶ
178 3416 210 3488 ἐς
234 3405 295 3476 τὸν
318 3405 440 3495 μάντιν
466 3405 680 3494 Μελάμποδα
698 3409 755 3475 καὶ
778 3403 823 3484 ὡς
847 3401 973 3488 Θησεὺς
996 3403 1111 3486 ὲςιόν

109 3498 228 3588 ᾅδην
214 3511 299 3596 ομοῦ
333 3510 491 3598 Πειρίθῳ
523 3507 705 3594 καταβαίη·
737 3510 928 3592 παραίνεσις
960 3533 995 3576 τε
1032 3511 1113 3576 Χεί-

110 3615 251 3690 ρωνοςί
236 3610 290 3678 ἐπὶ
325 3610 497 3676 διδασααίί
498 3630 521 3692 α
554 3601 595 3688 δη
627 3609 668 3700 τῆ
688 3604 855 3694 Ἀχιλλέως
880 3612 937 3676 καὶ
968 3604 1034 3676 ὅσα
1057 3611 1113 3676 ἐπὶ

110 3705 206 3821 ἔργοις
226 3735 265 3779 τε
291 3712 348 3778 καὶ
371 3705 517 3794 ἡμέραις.
543 3712 576 3775 ol
601 3708 635 3774 δὲ
661 3705 760 3776 αὐτοὶ
785 3709 877 3778 οὑτοι
903 3713 1032 3796 λέγουσι
1054 3711 1112 3779 καὶ

111 3800 149 3884 ὡς
176 3806 337 3898 μαντικὴν
362 3805 517 3885 Ησίοδος
551 3809 728 3894 διδαχθείη
759 3806 851 3898 παρὰ
881 3807 1110 3899 Ἀκαρνάνων·
1145 3823 1147 3830 ’

112 3909 161 3974 καὶ
193 3915 280 3980 ἔστιν
314 3913 376 3992 lan
406 3903 552 3998 μαντικὰ
582 3905 691 3976 ὁπόσα
731 3934 767 3978 τι
797 3909 1024 4000 ἐπελεξάμεθα
1055 3935 1113 3978 και

113 3999 194 4092 ἡμεῖς
213 4013 268 4082 καὶ
293 4007 490 4096 ἐξηγήσειςί
491 4009 530 4076 πὶ
552 4011 695 4099 τέρασιν.
1126 4012 1132 4019 ’

176 4104 235 4183 Ad
258 4104 539 4208 mythologicum
565 4131 675 4202 genus
705 4107 882 4205 pertinent
916 4107 1114 4198 Καιάλονοι
