2682 4718
220 283 308 339 XXV!

214 471 398 564 μιναικῶνζ
441 464 542 542 dicti
569 463 675 544 ctiam
707 467 824 544 Ἠοίαι
848 467 902 542 ιλ)
940 426 1090 567 repetito
1127 465 1233 544 initio

91 651 96 674 ἱ
215 569 390 648 carminis.
453 567 594 664 Horum
632 567 773 643 initium
810 568 981 642 habemus
1021 567 1061 642 in
1096 568 1231 642 ultimis

215 670 372 746 versibus
397 667 625 765 theogoniae:

216 825 220 832 ·
261 771 361 844 Ἀλλαί
383 777 550 862 γυναικῶν
573 777 684 867 φῦλον
706 769 856 854 ἀείσατε,
878 776 1081 844 καλλιέπααι

264 879 404 946 Μοῦσαι
421 872 660 985 Ὀλυμπιάδες,
680 877 801 965 κοῦραι
823 870 902 954 Διὸς
924 870 1102 962 αἰγιόχοιο.Ι

213 973 315 1061 Quos
341 969 511 1044 deinde
502 991 551 1044 ιιι
581 972 816 1086 sequebantur
847 969 967 1066 laudes
992 968 1234 1064 heminarum,

212 1094 254 1146 ut
270 1072 471 1191 praemissis
496 1071 652 1146 versibus
678 1070 889 1169 qrihtudam
912 1055 990 1144 ulis
1018 1072 1092 1146 fere
1119 1097 1231 1168 argn-

213 1173 324 1247 me'nti
348 1172 394 1245 de
419 1172 532 1272 prima
555 1171 702 1245 heroine
727 1173 770 1244 ab
796 1172 880 1246 Iove
906 1170 1077 1244 adamata:

254 1269 373 1358 Hice
373 1283 452 1366 μίγη
477 1273 633 1371 φιλότητι
656 1273 768 1366 πατὴρ
792 1275 934 1369 ἀνδρῶν
950 1302 986 1346 τι
1010 1278 1106 1346 θεῶν
1129 1301 1167 1352 τι

261 1377 389 1449 Κάλλεϊ
411 1387 605 1476 carroperae
629 1376 682 1473 ἐφ’
712 1374 872 1467 ὁμήλικας
895 1375 1015 1474 εὐφυίη
1040 1401 1087 1459 τι,

268 1483 330 1564 Οἴη
353 1483 412 1564 ἔην
436 1478 557 1569 Νιόβη,

213 1575 533 1676 (quemadmodum
557 1574 786 1650 indicavimus
812 1573 964 1648 adnotat.
990 1574 1036 1648 ad
1060 1573 1156 1649 Scut
1178 1572 1231 1668 1.)

212 1678 437 1752 adiiceretur
425 1699 570 1780 postea
603 1677 625 1764 ἢ
651 1687 706 1764 οῐη
729 1678 893 1770 Ἀλκμήνη
917 1677 976 1750 vel
1001 1675 1117 1750 simile
1141 1673 1231 1791 quid

214 1777 260 1852 de
296 1778 419 1854 ceteris
425 1768 618 1854 heroinis
668 1777 787 1875 Atque
822 1776 931 1852 div-isa
962 1775 1051 1851 haec
1076 1776 1231 1850 carmina

213 1880 253 1952 iu
285 1898 447 1977 quattuor
472 1877 583 1953 libros
616 1899 735 1968 erant,
769 1903 921 1975 quorum
945 1876 1089 1953 ultimus
1122 1877 1231 1974 longe
1332 1925 1333 1930 κ

213 1980 328 2056 maior
355 1999 390 2050 et
414 1978 549 2052 auctior
574 1975 681 2050 fuisse
696 1977 835 2052 videtur
861 2006 967 2076 quam
991 1999 1061 2052 tres
1082 1978 1230 2077 priores,

212 2079 309 2154 unde
332 2104 530 2176 cognomen
554 2079 706 2171 μεγάλων
726 2081 852 2154 Ἡοιων
875 2079 1027 2194 inditum
1054 2100 1116 2151 est.
1158 2084 1233 2150 Κα-

212 2182 377 2272 ταλόγους
405 2202 441 2252 et
469 2183 590 2266 Ἠοίας
617 2180 725 2253 fuisse
757 2203 889 2252 nomen
921 2179 1025 2250 unius
1056 2179 1232 2252 librorum
1328 2229 1333 2253 ι

213 2281 371 2380 corporis
398 2307 442 2352 ex
469 2307 512 2353 eo
537 2301 655 2380 patet,
680 2278 778 2380 quod
804 2279 904 2356 Scuti
923 2305 1042 2353 versus
1070 2279 1153 2352 1-
1168 2282 1231 2373 56,
1333 2358 1334 2386 ἦ

213 2408 366 2480 qnorum
394 2382 534 2455 initium
560 2389 612 2454 est
635 2381 656 2469 ἢ
683 2393 738 2470 οἴη
764 2383 807 2454 ab
834 2381 978 2478 antiquo
1003 2381 1231 2478 grammatico
1333 2397 1334 2422 ¹

213 2486 270 2581 (p.
303 2481 361 2554 92.
395 2504 503 2556 nostr.
538 2482 611 2576 ed.)
653 2480 829 2580 desumpti
870 2507 945 2554 esse
986 2481 1151 2556 dicuntur
1184 2508 1231 2556 ex

213 2583 374 2680 catalogo
400 2604 540 2682 quarto:
567 2591 628 2672 τῆς
647 2585 798 2668 ’Λσπίὸος
821 2585 843 2671 ἡ
868 2583 955 2678 ἀρχὴ
980 2589 1088 2673 ἐντῷ
1112 2585 1146 2656 δ’
1170 2611 1231 2656 κα-

178 2719 181 2730 *
212 2683 346 2774 ταλόγῳ
370 2694 505 2782 φέρεται
528 2693 622 2778 μέχρι
644 2692 763 2778 στίχων
786 2684 815 2758 ν’
840 2691 898 2756 καὶ
920 2685 960 2766 ς’.
1008 2683 1093 2758 Νοιι
1124 2709 1232 2782 prae-

213 2783 479 2857 termittendum
504 2806 556 2858 est
577 2806 694 2858 tamen
718 2807 801 2859 non·
816 2785 879 2856 uni
899 2785 1083 2883 eidemque
1098 2787 1232 2860 auctori

212 2884 420 2957 tribuendos
448 2912 523 2958 esse
557 2906 719 2984 quutmor
748 2886 877 2977 libros,
911 2913 1022 2982 quum
1054 2884 1142 2962 haec
1170 2887 1232 2968 le-

213 3005 340 3083 gnntur
372 2985 467 3084 apud
491 2985 808 3061 Scholiastnm
831 2985 1013 3084 Apollonii
1037 2984 1156 3061 Rhod.
1181 2986 1231 3080 II,

196 3079 299 3160 ι181.
325 3095 549 3181 πεπηρῶσθαι
573 3094 608 3160 δὲ
636 3095 742 3160 Φινέα
764 3095 868 3186 φησίν
888 3087 1046 3170 Ἡσίοδος
1069 3099 1106 3160 ἐν
1127 3089 1231 3180 μονά-

193 3193 287 3272 ’λαις
311 3190 461 3272 Ἠοίαις,
502 3188 556 3261 ὅτι
590 3191 702 3282 Φρίξῳ
736 3189 800 3276 τὴν
841 3187 904 3287 [τίς
934 3186 1116 3286 Σκυθίαν]
1149 3187 1229 3262 ὁδὸν

211 3290 381 3382 ἐμήνυσεν.
414 3300 451 3361 ἐν
483 3297 518 3362 δὲ
544 3295 591 3380 τῷ
615 3291 649 3380 γ’
678 3290 851 3381 καταλόγῳ
880 3289 990 3375 ἐπειδὴ
1014 3287 1075 3360 τὸν
1098 3289 1230 3384 μακρὸν

169 3388 334 3480 χρόνον
367 3397 428 3477 τῆς
459 3388 570 3488 ὅψεως
594 3419 660 3483 προ
661 3399 796 3485 §.univer
845 3389 905 3462 Sic
933 3388 1100 3463 iudicavit
1125 3390 1230 3464 etiam

212 3487 414 3562 Wolfius
432 3492 590 3589 prolegg.
608 3519 643 3589 p
634 3489 798 3563 CLVII
831 3489 1136 3588 ,‚Itaque,1nquit‚
1161 3518 1229 3566 nec

213 3587 338 3662 ceteris
380 3586 536 3689 reliquiis
571 3590 760 3664 homericis
799 3618 865 3664 nec
899 3589 1067 3664 hesiodiis
1099 3590 1229 3664 defue-

211 3708 313 3796 runt,
336 3709 378 3762 ut
403 3693 541 3789 opinor,
567 3699 815 3778 διασκιυασταί,
837 3691 899 3788 qui
924 3691 1115 3789 singulares
1141 3691 1228 3764 rha-

212 3775 353 3888 psodins
396 3815 663 3886 connecterent,
706 3793 777 3866 sive
823 3817 899 3884 eas,
937 3818 1025 3890 (prae
1059 3791 1152 3864 ab
1143 3794 1227 3891 ipsis

212 3889 413 3963 auctoribus
439 3893 484 3965 ad
509 3893 659 3966 eandem
689 3895 842 3965 formam
873 3892 1086 3992 compositae
1118 3914 1226 3985 erunt,

212 4015 285 4062 uno
309 3991 488 4068 volumine
513 3995 848 4092 complecterentur,
879 4016 920 4067 ut
943 3993 1148 4085 καταλόγους
1170 4023 1229 4084 γυ-

211 4097 337 4166 ναικῶν
359 4093 418 4168 'vel
436 4096 558 4179 Ἠοίας
581 4095 763 4187 μεγάλαςίί
813 4092 1007 4170 Auctorem
1031 4093 1226 4168 Hesiodum
