2682 4718
960 283 963 300 ¹
992 285 1057 338 XX!

66 468 162 544 Ante.
188 465 320 570 Odyss.
345 465 439 562 XV,
466 463 526 543 74
554 463 782 544 ‘etiam'haec
810 466 990 567 leganturt·
1014 479 1055 544 ’ἐν

65 577 173 654 πολλοῖς
195 571 260 643 οὐκ
276 577 418 670 ἐφέρετο,
436 578 502 644 ,καὶ
526 577 619 644 ἔστιν
635 569 804 657 ἡσιόδειος
823 575 885 656 τῆς
900 571 1056 666 φράσεως
1115 588 1117 592 ’

64 673 265 766 ὁχαρακτήρ.
292 681 320 743 tl
346 678 530 764 δεχοίμεθα
560 669 681 754 critical
707 669 779 766 “alpi
813 677 879 743 τ’ῶν
902 669 968 767 πρὸ
992 673 1054 752 αὐ·
1114 679 1118 703 ’

64 778 105 842 ati
128 772 184 844 δύο
209 779 332 862 στίχων
348 773 481 867 ’ὀφείλει
517 769 730 866 γράφεσθαι,
762 795 831 842 nec
853 787 968 842 tamen
994 770 1054 844 hic

63 896 156 943 tersus
184 870 319 967 legitur
360 859 406 944 in
441 871 653 945 carminibus
678 867 885 962 'hesiodiis‚
915 870 1055 968 ‹pribus
1116 903 1119 908 ·

62 996 134 1042 nunc
166 996 233 1042 nos
267 968 420 1060 utimur,
463 969 510 1042 ita
540 992 584 1041 ut
611 968 777 1056 ἡσιόδειος
802 975 980 1066 χαρακτήρ
1009 971 1054 1046 de
1116 978 1118 1005 ³

61 1069 200 1142 omnibus
226 1069 280 1142 cis
313 1069 484 1167 poimatis
509 1065 760 1165 intelligendus
786 1093 870 1139 esse
887 1066 1062 1161 videatur‚·

62 1196 130 1265 quae
150 1168 294 1246 scholae
327 1168 508 1242 hesiodiae
541 1167 848 1261 adscribebantur,
880 1167 984 1240 etiam
1009 1169 1055 1242 de
1112 1158 1119 1216 Ϊ

60 1268 150 1342 locis.
217 1269 330 1342 Cuius
368 1268 442 1341 rei·
460 1269 677 1369 aptissimum
724 1267 963 1341 testimonium
1003 1264 1056 1346 est
1109 1335 1112 1338 .

61 1369 134 1466 apud
154 1390 312 1446 veterem
334 1370 599 1466 grammaticum
625 1371 662 1468 (p
692 1367 753 1443 92.
776 1368 833 1442 ed.
859 1371 915 1463 n.)
938 1369 1079 1444 Ἁπολ-“

61 1471 155 1555 leucoe
186 1478 221 1544 δὲ
252 1472 272 1544 ὁ
298 1473 418 1554 Ρόδιος
440 1483 477 1544 ἐν
500 1476 549 1562 τῷ
576 1470 615 1562 y'
639 1475 742 1566 φησὶν
766 1467 852 1543 εἶναι
876 1479 910 1545 ἔκ
934 1497 970 1544 τε
994 1474 1056 1544 τοῦ

59 1578 249 1668 χαρακτῆρος
272 1599 305 1645 κ.
327 1599 358 1644 τ.
383 1580 411 1646 ἑ.
461 1569 674 1667 Τὴθοςοηὶα,
695 1568 802 1667 igitur
826 1596 901 1644 non
934 1571 977 1642 ab
1012 1595 1056 1644 eo

61 1691 178 1770 auctore
203 1672 366 1770 profecta
391 1691 463 1767 est,
497 1670 556 1749 cui
580 1669 701 1769 Opera
729 1667 918 1767 debemus,
945 1669 1055 1744 seda

60 1771 229 1844 recentiore
265 1769 429 1870 quodam.
486 1771 618 1845 Utrum
648 1769 709 1844 hic
730 1769 908 1845 Hesiodus
940 1769 1055 1846 dictus

61 1867 146 1944 luerit
178 1901 222 1947 an
262 1871 422 1971 Operum
453 1891 575 1946 auctor
601 1895 772 1970 quaerere
800 1870 891 1946 nihil
922 1869 1053 1943 attinet.
1098 1962 1101 1966 ⁴

60 1967 210 2056 Boeotum
255 1973 363 2046 fuisse
403 1998 461 2060 ax!
487 1995 650 2046 sermone
691 1979 816 2070 poetae
851 1969 1055 2064 concludas,

61 2095 237 2171 qtrenquam
289 2073 484 2173 permirum
528 2071 674 2163 accidit,
727 2071 826 2169 quod
867 2071 1053 2169 Theogon.

63 2170 123 2241 337
140 2215 187 2231 -··
208 2171 296 2246 345.
329 2174 367 2246 in
398 2173 513 2248 fluviis
547 2171 682 2247 Oceani
698 2233 699 2238 ,
715 2172 796 2244 filiis
829 2197 875 2246 ne
909 2172 1054 2246 unicum

63 2269 184 2365 quidem
206 2274 376 2350 Boeotiae
402 2277 589 2347 numerat'
618 2271 697 2348 Nisi
720 2272 792 2346 hoc
816 2274 950 2346 factum
975 2271 1056 2344 for-
1111 2275 1114 2284 ’

61 2387 135 2440 tasse
164 2395 212 2450 est
253 2397 457 2475 propterea,
497 2371 596 2474 quod
630 2373 748 2446 omnia
781 2375 857 2446 fere
887 2372 1054 2468 Boeotiae

61 2469 184 2546 flumina
226 2476 268 2548 in
311 2475 504 2574 Copaidem
521 2523 525 2536 ,
542 2473 706 2584 emittupt
740 2481 867 2574 aqum,
909 2500 983 2546 non
1016 2471 1059 2546 in

62 2592 149 2643 mare.
211 2573 275 2649 Ad
316 2575 595 2677 physiologicam
635 2589 771 2673 partem
810 2572 1055 2676 philosophiae

62 2670 213 2762 pertinere
230 2673 479 2774 Theogoniam
501 2674 802 2749 hesiodiam-dixi.
844 2673 952 2762 Quod
971 2673 1056 2772 qui.
1081 2717 1083 2723 .
1112 2697 1115 2714 ι
1177 2678 1181 2686 ’

63 2765 115 2840 hus
134 2775 257 2850 finibus
282 2775 524 2851 circumscribi
546 2775 692 2868 debeat,
725 2775 845 2878 paucis
869 2797 1055 2874 exponam.
1104 2857 1114 2884 γ

66 2863 169 2944 Omnis
200 2875 420 2976 mythologie
451 2875 636 2950 distributa
670 2896 722 2948 cst
754 2877 792 2949 in
825 2896 941 2976 partes
972 2879 1056 2968 liet,
1103 2873 1111 2906 '¹
1151 2898 1154 2903 “

66 2979 324 3072 cosmogouiam,
349 2975 881 3075 theogoniam,³¹heroogoniam;
920 2975 1057 3072 Harum

68 3090 139 3161 quae
160 3078 273 3174 primo
296 3079 379 3152 loco
402 3099 455 3150 est
477 3077 592 3176 posita
617 3077 844 3175 cosmogonia
866 3075 929 3171 (ab
954 3101 1058 3149 versu
1101 3085 1106 3090 '

70 3165 127 3241 116
146 3215 193 3232 --·
210 3176 316 3274 452.)
344 3178 451 3276 longe
476 3176 571 3278 apud
593 3197 753 3252 nostrum
778 3197 956 3252 auctorem
981 3160 1059 3246 dii-
1110 3171 1117 3200 ⁸
1203 3179 1208 3188 ’

70 3265 124 3340 sert
143 3275 182 3348 ab
196 3277 407 3373 homerica,
440 3304 528 3378 quae
561 3277 660 3351 nihil
686 3277 793 3354 docet·
814 3273 1059 3378 praeterquam

71 3371 149 3460 quod
182 3377 230 3452 dii
277 3403 398 3452 omnes
437 3405 482 3452 ex
519 3400 608 3476 aqua
644 3378 714 3453 tint
758 3377 952 3478 progeniti,
996 3399 1060 3450 seu

72 3465 191 3549 Oceano
224 3506 264 3554 ac
290 3479 428 3582 Tethye
460 3479 522 3574 (ll.
538 3478 661 3572 ‘XIV5
683 3481 801 3578 200).Ι
853 3477 908 3553 Ex
939 3497 1060 3550 nostro

73 3589 138 3681 very
160 3579 309 3654 carmine
341 3603 490 3682 systema
521 3578 769 3681 physiologiae
786 3605 868 3653 vere
896 3577 1060 3679 philoso-

75 3663 195 3760 phcum
217 3683 329 3754 multo
355 3680 527 3756 recentius
552 3680 735 3754 homerico
761 3697 863 3780 atque
890 3679 1061 3753 elimatius
1108 3689 1110 3693 “

76 3777 218 3874 emergit,
244 3782 343 3883 cuius
369 3781 573 3881 explicatio,
606 3780 637 3854 si
664 3805 710 3854 ex
735 3780 947 3884 etymologia
971 3807 1062 3880 pru-

78 3861 177 3947 denar
200 3904 357 3982 petatur,
391 3879 691 3982 quemadmodum
723 3880 798 3954 eius
822 3881 874 3954 rei
899 3900 1064 3956 conamm
1093 3895 1105 3909 “

78 3963 144 4084 fecit
170 3977 449 4071 Hermannus
488 3982 552 4079 (de
591 3981 810 4086 mythologia
845 3983 1064 4052 Graecorum

79 4080 290 4172 &nequissima
318 4084 356 4158 in
379 4083 550 4184 Opuscul.
583 4081 689 4162 T-1t
721 4081 817 4157 etin
850 4079 995 4180 epistola¹
1019 4075 1064 4148 ad
