2682 4718
108 251 266 350 ’,ει

215 488 375 572 γυναῖκας
405 472 538 576 δάφνας
570 476 663 570 αύτῷ
695 477 919 576 φωμιζούσας.
957 478 1075 566 ἐδήλου
1113 483 1149 552 66
1182 479 1228 558 τὸ,

214 579 300 672 ὄναρ
325 579 475 664 πάντως,
500 579 545 662 ὡς
566 587 699 672 πικρίας
721 587 777 652 καὶ
798 581 912 654 πόνων
935 578 1137 671 μετεσχηκὼς
1162 586 1225 667 τής

214 683 413 762 παιδεύσεως
442 682 590 765 ἀειθαλῆ
621 681 771 768 γεννήσει
794 682 983 770 ποιήματα·
1014 687 1124 754 ταῦτα
1153 689 1226 754 τοί·
1297 711 1299 720 “

214 808 277 854 νυν
299 781 318 852 6
337 781 493 862 Ἡσίοδος
521 778 543 866 ή
569 777 647 878 όψει
681 782 817 872 ὀνείρων
845 787 1049 871 τεθεαμένος
1073 786 1130 852 καὶ
1155 787 1226 852 διν·
1261 786 1270 802 “

173 887 372 962 ὄπνισθελς
401 886 457 950 καί
486 880 525 952 τὸ
551 889 737 972 ποιμαίνειν
767 881 864 976 ἀφεὶς
886 887 943 952 καὶ
962 881 1079 962 πόνοις
1103 880 1226 954 ἑαυτὸν
1298 925 1300 928 -

162 1032 166 1038 -
214 980 332 1078 ἐνδούς
354 985 411 1052 καλ
433 981 615 1072 μαθήμασι
644 980 707 1067 τήν
737 987 805 1051 τῶν
830 982 966 1071 ὀνείρων
989 988 1136 1053 ἐπίλυσιν
1160 984 1227 1067 Ιἔξει·

214 1093 372 1173 πέρανεν,
402 1078 424 1166 ή
455 1088 530 1175 περὶ
560 1086 621 1153 τὸν
635 1081 792 1152 Ἑλικῶνα
822 1089 1009 1172 ποιμαίνων
1038 1081 1225 1175 ἐγρηγορὼς

176 1223 181 1232 =
214 1189 272 1255 καὶ
296 1180 423 1263 ἄϋπνος
447 1179 494 1251 ὢν
518 1182 659 1266 σύννους
688 1209 724 1262 τε
749 1185 834 1274 πρὸς
860 1179 981 1252 ἑαυτὸν
1004 1181 1145 1269 γεγονὼς
1168 1189 1226 1256 καὶ

215 1292 386 1376 πρέποντα
408 1287 493 1355 νοῦν
515 1282 656 1374 ἐσχηκὼς
680 1263 914 1374 ἀποδιδράσκει
945 1287 1007 1373 μὲν
1032 1282 1072 1356 τό
1099 1283 1225 1366 εὐτελὲς

162 1385 203 1450 10
214 1413 271 1457 και
307 1380 499 1488 ποιμενικὸν
529 1389 585 1468 καὶ
614 1385 811 1474 σκληρόβιον
840 1389 897 1456 καὶ
925 1382 1148 1478 προςδραμύιν
1183 1389 1226 1484 τή

213 1487 382 1557 παιδεύσει
412 1489 470 1554 καὶ
492 1485 610 1568 πόνοις
632 1483 873 1576 ἐγκαρτερήσας
904 1483 1051 1574 μεγάλην
1073 1491 1228 1608 κμρποῦ-

213 1614 271 1658 ται
295 1585 359 1672 τήν
377 1579 538 1672 εύκλειαν,
563 1590 618 1674 καὶ
643 1591 780 1713 βίβλους
804 1587 971 1666 τοσαύτας
995 1587 1226 1671 ίξεπονήσατο,

213 1685 256 1769 ἃς
288 1685 349 1774 676
373 1691 522 1756 Μουσῶν
553 1713 588 1758 τε
613 1693 670 1756 καὶ
691 1685 839 1777 μυήσεως
862 1694 1040 1775 ἐπίσταμαι
1062 1686 1228 1809 ψώμισμα

214 1793 321 1906 κμλ
295 1786 426 1882 δάφνας
455 1785 578 1868 λάλους
596 1785 852 1871 Ἑλικωυίτιδας,
884 1787 1134 1876 ἑλισσομένας’
1116 1814 1229 1859 απαν-
1331 1831 1332 1836 1

113 1883 116 1891 ’
153 1890 195 1958 15
217 1893 380 1986 ταχοῦ
347 1891 403 1956 καὶ
426 1887 626 1969 θαλλούσας
647 1895 704 1960 καὶ
728 1887 956 1984 κηρυττούσας
978 1887 1039 1959 τόν
1061 1894 1141 1978 πρὶν
1165 1894 1231 1979 μὲν
1332 1903 1333 1925 ¹

186 1969 405 2082 ύλκτρόβιόν
429 1982 486 2060 καὶ
515 1989 634 2084 ἀφανῆ
660 1997 772 2111 νομία
791 1997 974 2079 ποιμνίων,
1005 1979 1127 2062 66666
1131 1989 1230 2112 ηοήμί
1331 2032 1333 2042 1

204 2095 302 2160 θεον
322 2098 575 2182 χρηματίσαντα
599 2089 643 2159 δι’
670 2090 792 2181 ἀρετῆς
813 2097 884 2160 καί
892 2087 1145 2173 παιδεύσεως.η
1121 2117 1231 2214 ωςπερ

214 2190 316 2262 καὶ
303 2220 321 2262 ο
356 2194 601 2298 Σωφρονίσκου
633 2189 867 2317 Σωκράτης
852 2219 872 2260 ο
905 2189 1083 2274 λιθοξόος,
1118 2191 1222 2262 καλ“
1205 2219 1226 2262 ο
1268 2207 1273 2215 “
1301 2262 1304 2272 ,

214 2292 429 2380 ἰχθυοπώλης
445 2285 629 2380 Δημάδης,
631 2297 688 2362 καὶ
711 2291 730 2363 6
755 2296 816 2378 τῆς
832 2300 1094 2382 τυμπανιστρίας
1111 2297 1230 2382 Αίσχί

152 2402 195 2465 20
214 2417 284 2480 νης,
307 2395 428 2514 Σίμων
451 2419 486 2462 τε
510 2391 528 2462 6
554 2391 704 2474 σκυτεύς,
728 2399 785 2463 καὶ
807 2392 826 2462 6
850 2391 1026 2520 λαχφνεύς
1035 2393 1228 2483 Εὐριπίδης,

212 2498 262 2564 ἔτι
291 2521 327 2564 τε
356 2492 375 2563 6
406 2493 553 2578 Σκύθης
571 2492 783 2585 Ἀνάχαρσις,
816 2497 872 2563 καὶ
905 2490 1006 2616 άμφιο
1038 2492 1084 2564 τώ
1117 2493 1228 2564 δούλωΙ

212 2595 372 2680 Αἴσωπος
394 2599 450 2664 καὶ
459 2595 544 2666 Επί
543 2607 675 2679 ’κυητηος
698 2601 754 2665 καὶ
778 2621 796 2664 ο
784 2593 971 2684 Σύρος
957 2593 1066 2688 ρήτωρ
1091 2593 1110 2665 6
1131 2600 1228 2666 Λου

212 2693 326 2775 κιανός
356 2694 375 2766 6
400 2694 572 2778 λιθοξόος
591 2723 627 2765 τε
659 2700 715 2766 καὶ
739 2694 934 2784 ήμίδουλος,
964 2699 1021 2765 καὶ
1046 2702 1080 2766 οί
1104 2701 1227 2782 λοιποί,

215 2793 334 2888 [ὥςπερ
365 2775 422 2866 ’και
453 2795 545 2890 παρ’
569 2795 649 2885 ἡμῖν
681 2795 699 2866 6
729 2796 972 2895 χρυσογνιόμων
1003 2803 1126 2879 ἐκεῖνος
1144 2795 1233 2867 Σω·’
1261 2858 1267 2864 .

147 2891 252 2976 ἔθ’
210 2921 344 3018 τηριχφς
371 2902 427 2965 καὶ
461 2896 479 2966 6
511 2902 572 2966 νύν
596 2893 732 2987 περιιόν
741 2905 801 2982 τῆς
821 2897 1037 2984 Νικομήδους
1062 2898 1227 2987 οίνοπρά·

210 3023 270 3095 της
292 2996 484 3088 ἀρχιερεύς,
502 2993 547 3080 ὃς
564 2995 639 3067 οὐδὲ
663 3004 726 3071 νῦν
749 3003 810 3067 ίθί
811 3004 862 3067 λει
881 3003 942 3067 τοῦ
968 3003 1142 3079 πιθεῶνος
1164 3001 1227 3082 ίξί

211 3090 382 3179 οτασθαι,
413 3096 487 3167 ἀλλ’
519 3104 570 3167 ἔτι
593 3096 652 3168 τὸν
677 3101 770 3170 οἶνον
794 3097 921 3188 μιγνύει
945 3105 1002 3169 καὶ
1025 3099 1227 3188 μεταβάλλει

167 3281 170 3296 .
213 3198 295 3279 ’τοὺς
311 3199 493 3322 ἀμφορεῖς.
519 3196 749 3297 ΤΖΕΓΖΑ.]
782 3207 1021 3290 συνηαμήκίναι
1054 3200 1086 3270 δ
1117 3199 1226 3270 αὐτόν

212 3297 245 3369 οδ
254 3306 329 3387 μὲν
349 3299 486 3390 ’θμήριμ
519 3307 652 3393 φασίν,
677 3307 777 3370 066
743 3305 795 3369 δὲ’
812 3307 867 3371 καὶ
886 3300 1039 3391 Ομήρον
1069 3310 1227 3392 προγενέ-

149 3397 226 3486 μεθ’
212 3405 328 3486 σἰερον
349 3400 437 3470 εἶναι
457 3405 761 3491 διϊσχύρίζοντοιι.Ι
748 3405 804 3472 καὶ
830 3410 862 3472 οί
885 3407 946 3491 μὲν
970 3409 1225 3493 προγενέστερον

211 3495 296 3568 εἶναι
305 3498 455 3593 (ίμήρου
475 3502 781 3593 διίσχυριζόμενοιιε
784 3528 802 3570 ν
825 3502 944 3594 ἀρχαῖς
963 3501 1048 3572 εἶναί
1063 3528 1147 3596 φασι
1164 3509 1226 3588 τῆς
1321 3527 1322 3533 ’

207 3598 384 3694 Ἀρξίππου
400 3601 674 3698 άρχῆς,’ίίμηρον
692 3609 731 3674 δὲ·
745 3613 781 3675 ὲν
792 3608 842 3692 τῷ
850 3609 951 3674 τέλει·
965 3604 984 3674 ὁ
1001 3605 1031 3675 δ’
1043 3603 1225 3698 ’Λρξιππος

667 3751 682 3788 θ

210 4083 253 4109 υ
275 4036 353 4088 m
389 4032 664 4106 αύτῇὃήτνελ,
679 4043 800 4106 Vulgo«
791 4009 895 4126 ι’μύόκ
1015 4099 1018 4107 ,

273 4133 1175 4211 1.Μ.δλιιινιίιιδιεε]ὃιενιίνωΙςςΙλικννίτιδοε
