2682 4718
131 4003 142 4038 Ι

207 297 332 357 mint
377 248 379 260 ·

160 573 162 578 Ι
208 485 272 560 cus¹
305 463 374 559 esti
391 483 486 584 apud
510 480 669 558 Athen.
695 466 747 557 Π.
772 511 807 583 μ
834 481 894 557 49.
929 449 1178 575 ὅτιἩσιόδος
1205 497 1246 566 ἐν

205 588 343 674 Κήϋκος
374 590 487 678 γάμῳ,
519 584 584 658 κᾶν
615 585 681 679 γὰρ
714 593 951 678 γραμματικῶν
983 598 1111 674 παῖδες
1146 593 1245 666 ἀπο-

205 689 319 773 ξενῶσι
343 694 406 759 τοῦ
431 691 573 774 ποιητοῦ
605 685 650 756 τά
675 691 738 772 ἔπη
762 693 872 758 ταῦτα
879 739 888 772 ,
922 689 999 760 ἀλλ’
1030 698 1116 782 ἐμοὶ
1145 699 1245 766 δοκεῖ

204 788 332 883 ἀρχαῖα
365 788 467 873 εἶναι,
509 792 669 882 τρίποδας
701 785 763 868 τάς
794 793 957 882 τραπέζας
994 799 1094 888 φησί.
1162 793 1243 880 Qui

124 957 129 971 ,
204 888 235 960 si
263 909 482 986 comparatur
517 914 599 960 cum
632 885 700 958 alio
729 883 1088 982 apudPlutarch.
1119 891 1243 994 Syrn-

202 1015 279 1115 ροε.
307 977 419 1080 VIII,
443 987 479 1060 8.
514 988 682 1082 καθάπερ.
708 981 770 1058 οὖν
802 986 944 1108 τὸτπῦρ
980 988 1046 1076 τήν
1073 989 1170 1080 ὕλην
1204 997 1244 1081 ἐξ

202 1121 245 1176 ης
270 1090 417 1184 ἀνήφθη
442 1097 568 1183 μητέρα
593 1093 651 1159 κοιλ
675 1095 808 1175 πατέρα
829 1115 935 1162 ουσαν
959 1087 1109 1178 ήσδιεν,
1139 1094 1191 1178 ὡς
1218 1097 1239 1168 ὃ

106 1206 109 1211 ’
200 1190 263 1264 τὸν
287 1191 427 1278 Κήϋκος
449 1189 561 1280 γάμον
587 1199 620 1271 ἐς
645 1186 689 1259 τά
708 1188 866 1278 Ἡσιόδου
891 1192 1124 1284 παρεμβαλὼν
1142 1197 1241 1288 sion-
1270 1255 1272 1262 .

201 1319 274 1378 κεν,
308 1291 411 1390 facile
438 1289 673 1380 demonstrat,
710 1299 757 1372 εὶς
787 1289 832 1360 τά
853 1289 1011 1363 Ἡσιόδου
1037 1295 1157 1368 verba
1188 1295 1239 1370 de

201 1391 367 1488 catalogis
396 1417 470 1462 esse
497 1388 735 1486 intelligenda.
800 1389 966 1462 Ceterum
1000 1393 1047 1466 cf.
1079 1395 1131 1468 de
1160 1395 1240 1472 hoc

201 1493 355 1564 carmine
389 1490 566 1563 Muller.
608 1489 696 1562 Dor.
728 1487 775 1560 Π.
808 1516 843 1588 p.
875 1487 962 1565 481.
997 1491 1141 1569 Thesei
1188 1487 1267 1570 ad'

200 1589 334 1664 inferos
359 1591 546 1665 descensus
573 1591 734 1662 Harlesio
772 1589 997 1685 (Fabricii.
1024 1593 1127 1668 Bihl.
1165 1599 1237 1671 Gr.

199 1691 229 1764 I.
267 1722 302 1790 p.
338 1692 441 1786 592.)
477 1717 520 1762 ex
545 1687 710 1788 Aegimio
741 1689 965 1790 desumptum
995 1719 1149 1770 carmen
1174 1700 1237 1774 vi-

201 1791 359 1864 debatur.
410 1792 468 1864 De
504 1817 574 1888 qua
598 1817 637 1863 re
664 1789 890 1865 vehementer
914 1793 1052 1867 dubito.
1108 1797 1236 1873 Indu-

201 1911 278 1966 ctus
305 1887 343 1962 in
370 1917 525 1963 errorem
561 1917 636 1963 esse
671 1890 810 1965 videtur
843 1919 906 1986 eo,
944 1893 1042 1992 quod
1070 1897 1241 2000 Cercopi.

199 2002 325 2092 poetae
352 1992 516 2067 tribuitur
543 1989 716 2089 quaedam
740 2003 785 2073 εἰς
802 1992 888 2082 ήδον
909 1996 1107 2088 κατάβασις,
1137 2027 1233 2100 qaiae
1330 2027 1331 2032 ¹

199 2114 321 2166 tamen
339 2101 343 2106 '
363 2091 501 2192 orphici
539 2111 612 2164 erat
645 2091 841 2187 argumenti
873 2121 989 2192 neque
1023 2099 1234 2198 quidquam
1330 2165 1331 2170 ,

108 2207 109 2212 ’
198 2219 387 2268 commune
412 2193 565 2266 hahebat
591 2219 673 2266 cum
698 2213 903 2288 argtnnento
924 2196 1039 2267 nostri
1057 2201 1232 2274 carminis
1330 2227 1331 2270 1

198 2293 452 2394 mythologico.
496 2292 609 2390 Magis
637 2293 820 2364 subactum
846 2293 1004 2367 eiusdem
1029 2297 1101 2371 viri
1128 2301 1232 2378 docti

199 2393 372 2467 iudicium
399 2416 451 2467 est
475 2394 520 2467 de
551 2392 774 2492 epithalamio
801 2392 902 2474 Pelei
923 2416 959 2467 et
983 2395 1166 2474 Thetidis.
1232 2449 1234 2454 -

276 2495 333 2567 De
369 2494 601 2592 Aegimio‚
639 2493 806 2590 singulari
840 2496 993 2570 carmine
1024 2497 1064 2570 in
1099 2503 1227 2602 plures
1330 2517 1331 2594 λ

198 2596 309 2669 libros
350 2594 484 2689 divise,
524 2621 635 2696 pauca
673 2592 788 2667 habeo
830 2621 918 2692 quae
962 2597 1142 2674 addantur
1180 2603 1226 2676 iis
1330 2655 1331 2668 .

200 2723 289 2796 quae
317 2695 410 2770 dicta
435 2717 517 2768 sunt
542 2725 576 2795 p.
603 2697 677 2767 205
705 2722 756 2794 sq.
808 2695 960 2796 Cercopi
985 2697 1131 2774 Milesio
1161 2705 1226 2801 qui
1330 2723 1331 2810 ρ

198 2797 438 2871 adscriberent
478 2798 621 2870 suerunt
652 2795 776 2887 muiti,
816 2796 857 2870 in
898 2798 953 2870 his
993 2798 1068 2872 sine
1105 2802 1224 2876 dubio
1330 2839 1331 2898 t

197 2895 519 2998 Apollodorus
555 2895 788 3000 Mythoqu,
823 2897 856 2970 1.
881 2899 977 2993 Ἥρα
1010 2908 1045 2973 δὲ
1077 2914 1225 2992 αὶτησοι·
1330 2969 1331 2976 ,

151 3059 154 3068 =
197 3007 279 3092 μέν’]
304 2997 400 3094 παρὰ
424 2998 502 3082 Διὸς
526 2997 588 3086 τὴν
619 3002 704 3088 βοῦν
729 2999 865 3095 φύλακα
890 3003 996 3089 αὐτῆς
1020 3016 1222 3092 κατέστησεν
1280 3043 1284 3049 ·
1330 2993 1331 3052 s

189 3100 315 3196 ”Aaron
341 3099 402 3172 τὸν
427 3099 622 3186 πανόπτην,
659 3099 700 3172 δν
721 3099 958 3188 Ἀσκληπιάδης
981 3109 1043 3194 μὲν
1065 3105 1221 3197 Ἀρέστο-
1330 3141 1331 3174 ;

200 3231 260 3294 ρος
282 3211 383 3292 λέγει,
414 3201 600 3294 Φερεκύδης
623 3207 658 3271 δὲ
679 3200 828 3290 Ἰνάχου,
860 3207 1022 3302 Κέρκωψ,
1035 3210 1070 3274 δὲ
1086 3203 1218 3300 ’Ἁργου
1330 3245 1331 3248 ¹

199 3309 257 3373 καὶ
286 3303 440 3396 Ἰσμήνης
471 3306 532 3388 τῆς
560 3303 711 3374 Ἀσωποῦ
742 3303 927 3396 θνγατρός.
962 3331 994 3376 v.
1027 3303 1216 3378 Hesiod.

198 3401 325 3497 fragm.
358 3403 422 3474 IV.
473 3401 572 3476 Num
608 3401 713 3473 ctiam
743 3403 869 3499 fragm.
892 3403 1105 3476 LXXXIX.
1141 3405 1217 3482 huc
1300 3472 1303 3476 .

196 3502 371 3600 pertineat
397 3501 531 3575 dubito.
593 3501 702 3588 Quod
738 3501 969 3598 Diogenes
1001 3504 1212 3579 Laertius
1330 3537 1331 3544 ¹

197 3601 258 3676 vit.
282 3602 381 3674 Socr.
409 3605 470 3674 25.
504 3602 591 3678 dicit
610 3603 755 3694 Ἡσιόδῳ
772 3609 978 3700 ’ἐφιλονείκει
1000 3613 1098 3694 ζῶντι
1124 3614 1219 3701 Κάρ..

197 3723 284 3801 aaut,
310 3705 537 3790 τελευτήσαντι
563 3712 598 3776 δὲ
612 3703 817 3802 Ξενοφάνης,
842 3702 887 3776 de
910 3705 970 3776 illa
995 3707 1105 3781 modo
1129 3735 1212 3778 me-

196 3822 331 3876 morata
357 3805 538 3894 καταβάσει
563 3804 833 3902 intelligendum
860 3827 932 3899 est,
966 3833 1035 3904 qua
1072 3808 1134 3880 ille
1168 3835 1212 3880 ex

197 3903 393 4002 praeceptis
428 3902 582 4002 orphicis
614 3905 720 4003 longe
759 3906 825 3976 alia
849 3904 1015 3980 docuerat
1049 3906 1093 3980 de
1130 3907 1216 3980 ani-¹

197 4031 336 4076 marum
367 4022 623 4101 postmortem
663 4005 864 4080 conditione
905 4036 1011 4106 ruam
1034 4008 1211 4082 Homerus

199 4125 235 4178 et
261 4097 449 4179 Hesiodus.
502 4104 612 4194 Quod
647 4112 745 4208 ζῶντι
771 4106 908 4182 addidit
933 4110 1113 4209 Diogenes
1138 4135 1208 4182 uu·
1330 4205 1331 4210 γ
