2682 4718
257 299 335 356 ¹111

258 487 315 564 Fr.
339 490 557 566 Crenzerum
579 483 677 585 Lips.
702 483 825 573 1819.)
845 491 923 558 ¹non
948 483 1124 583 estquod
1148 495 1283 586 repre-

257 589 464 666 hendamus.
512 589 567 662 Ita
592 585 769 662 Hesiodus
804 585 842 659 in
873 585 942 660 hac
970 605 1067 683 parte
1091 587 1285 688 mytholo-

258 693 336 790 giae
371 694 415 766 ab
447 688 711 764 Aristotele
740 686 900 762 laudatur
932 713 1015 762 cum
1044 687 1284 786 Empedocle‚

192 809 198 832 ³
257 792 488 885 Parmenide,
514 789 738 866 Hermotimo
763 786 938 886 (Metaph.
962 812 997 885 p.
1027 785 1186 881 13,.24‚
1213 793 1279 864 53.

258 893 388 968 Brand.
414 893 519 994 Phys.
544 890 615 982 IV,
645 890 704 986 1.).
756 887 874 981 Quid,
909 886 1008 985 quod
1038 888 1279 985 Diogenes

258 992 471 1069 Laertius
495 992 571 1082 IX,
601 994 644 1080 3,
670 995 705 1059 3.
729 988 954 1060 bacchabet
978 984 1275 1066 deParmenide:

258 1099 316 1164 καὶ
351 1090 454 1175 αὐτὸς
495 1098 531 1164 δὲ
568 1089 623 1161 διὰ
654 1087 852 1180 ποιημάτων
883 1095 1082 1185 φιλοσοφεῖ,
1113 1093 1280 1187 καθάπερ

253 1192 409 1277 Ἡσίοδός
425 1220 478 1265 νε
500 1197 557 1264 καὶ
580 1189 778 1288 Ξενοφάνης
807 1195 865 1262 καὶ
883 1190 1114 1280 Ἐμπεδοκλῆς.
1160 1190 1281 1266 Modo

257 1292 520 1366 meminerimus
541 1290 579 1363 in
606 1310 676 1362 tam
700 1289 850 1388 antiquis
873 1287 1053 1372 uocabulis
1080 1315 1123 1361 eo
1142 1290 1280 1366 maiore

259 1418 348 1493 opus
388 1421 463 1466 esse
490 1390 687 1483 cautione,
728 1415 800 1488 quo
841 1388 1030 1464 remotiora
1065 1411 1148 1464 suut
1182 1412 1280 1464 tem-

257 1519 363 1595 pora,
405 1495 532 1593 quibus
567 1517 718 1592 procusa
752 1511 842 1564 sunt.
901 1489 946 1564 ln
978 1515 1022 1562 eo
1053 1509 1173 1568 tamen
1202 1521 1286 1568 uon.

257 1595 440 1670 consentio
465 1621 549 1670 cum
573 1592 797 1692 Hermanno,
823 1589 977 1690 quod.is
1003 1591 1281 1688 explicationem

256 1695 537 1796 physiologicam
560 1695 652 1766 ultra
667 1692 951 1790 ¹cosmogoniam‚
978 1691 1002 1764 i.
1020 1717 1051 1762 e.
1077 1693 1168 1765 ultra
1191 1721 1280 1768 ver-

231 1875 233 1885 ¹
258 1823 338 1868 sum
361 1795 542 1869 hesiodiac
567 1792 779 1890 theogoniae
804 1791 903 1885 4522,
931 1790 1097 1866 extendit.
1149 1793 1280 1868 Theo-

258 1895 365 1994 gonia
395 1895 509 1987 enim,
548 1918 637 1992 quae
676 1893 834 1990 sequium
863 1921 884 1966 a
912 1919 1017 1969 versu
1046 1890 1131 1965 453.
1164 1921 1286 1993 usque

259 1996 305 2069 ad
329 1995 434 2089 962,
463 2021 554 2069 rere
587 2013 643 2066 cst
675 1993 816 2092 antiqua
839 1993 1114 2066 Homericorum
1146 1993 1297 2071 carmi?

257 2125 367 2190 num,
390 2095 538 2195 politici,
563 2095 594 2168 si
617 2093 665 2166 ita
689 2092 807 2167 dicere
833 2093 928 2187 licet,
955 2094 1160 2190 argumenti,
1187 2097 1281 2170 alie-

258 2225 304 2270 na
329 2199 372 2271 ab
395 2196 626 2298 physiologia.
671 2193 856 2268 Politicam
882 2220 993 2292 quum
1019 2192 1101 2268 dico
1125 2194 1280 2295 priscam

257 2296 497 2396 theogoniam,'
522 2297 741 2370 intellectum
764 2294 805 2370 id
829 2321 872 2368 eo
897 2297 1005 2371 velim
1029 2323 1144 2390 sensu,
1170 2324 1280 2396 quem

259 2409 306 2472 ex
331 2397 512 2474 cummuni
537 2398 755 2470 Graecorum
785 2397 955 2470 sententia
980 2395 1142 2496 exposuit
1164 2399 1280 2470 Ari-

259 2501 451 2572 stotcles
479 2493 636 2596 Metaph.
669 2495 765 2588 ΧΠ,
796 2481 833 2569 8.
868 2516 904 2570 et
932 2497 1036 2570 Polit.
1071 2495 1108 2588 1,
1144 2497 1178 2570 1.
1218 2503 1279 2574 καὶ

258 2599 340 2683 τοὺς
363 2599 470 2684 θεοὺς
495 2605 531 2676 δὲ
561 2598 616 2672 διὰ
642 2605 745 2672 τοῦτο
771 2599 896 2682 πάντες
919 2605 1005 2698 φασὶ
1027 2599 1279 2690 βασιλεύεσθαι,

259 2700 313 2775 ὅτι
339 2707 396 2772 καὶ
411 2703 518 2773 αὐτοὶ
542 2709 579 2772 ol
597 2707 660 2792 μὲν
683 2705 733 2772 ἔτι
757 2704 815 2772 καὶ
830 2706 916 2786 νῦν,
950 2709 984 2772 ol
1010 2705 1045 2772 δὲ
1069 2698 1109 2772 τὸ
1134 2700 1279 2795 ἀρχαῖον

260 2802 511 2894 ὄβασιλεύοντο·
544 2800 659 2895 ὥςπερ
685 2806 721 2872 δὲ
754 2806 812 2876 καὶ
842 2800 884 2872 τὰ
920 2804 989 2888 εἴδη
1024 2810 1156 2885 ἑαυτοῖς
1187 2803 1278 2898 alpo-

259 2909 412 2996 μοιοῦσιν
436 2901 618 2998 ἄνθρωποι
645 2898 742 2975 οὗτοι
766 2907 825 2974 καὶ
852 2899 933 2984 τοὺς
955 2908 1051 2993 βίους
1074 2908 1144 2974 τῶν
1170 2908 1276 2978 θεῶν.

258 3001 512 3102 Antiquissima
545 3001 641 3075 enim
673 3003 891 3074 Graecomm
921 3001 1140 3103 mythologie
1170 3002 1275 3078 simul

259 3129 343 3178 cum
377 3125 502 3176 exorto
534 3128 665 3200 regno,
700 3101 937 3199 antiquissima
967 3103 1027 3174 illa
1062 3102 1275 3200 reipublicae

256 3204 430 3279 humanae
455 3205 587 3295 sonna,
613 3202 805 3299 excogitata
830 3223 882 3273 est
909 3203 1067 3300 apriano
1093 3227 1188 3300 rege,
1213 3205 1273 3302 qui

258 3306 344 3378 item
368 3306 501 3404 primus
526 3301 687 3376 sacerdos
714 3321 796 3392 erat,
822 3303 881 3374 cui
905 3330 1015 3376 novus
1040 3328 1159 3375 rernm
1185 3304 1271 3378 ordo

258 3433 341 3506 prae
358 3406 534 3504 antiquato
550 3401 824 3503 patriarcharum
848 3403 1019 3500 regimine
1036 3445 1088 3458 —
1100 3431 1183 3476 nam
1206 3431 1271 3476 an-

257 3527 400 3604 tequam
423 3505 532 3578 uuius
552 3504 689 3578 munini
720 3504 847 3606 phylae
881 3530 945 3576 seu
977 3504 1086 3576 tribus
1112 3505 1270 3602 politicae

259 3607 445 3706 parebant,
482 3606 656 3678 subiectae
682 3625 780 3677 erant
808 3605 965 3702 singulae
993 3605 1141 3702 singulis
1171 3606 1270 3703 prin-

200 3725 206 3736 '
259 3707 396 3805 cipibus
428 3708 643 3804 populorum
666 3747 718 3762 -
749 3704 854 3778 etiam
888 3705 1060 3804 religione
1092 3702 1268 3778 videbatur

259 3805 467 3880 sanciendus
493 3832 578 3878 esse.
629 3805 683 3880 Ita
708 3807 840 3880 lactum
866 3827 938 3898 est,
973 3826 1012 3878 ut
1045 3803 1152 3876 trium
1177 3827 1266 3879 aeta-

259 3925 336 3981 tum
370 3926 460 3978 esset
490 3905 631 4004 antiqua
656 3905 865 4005 theogonia,
898 3933 1047 4005 quarum
1078 3905 1190 4005 prima
1219 3927 1265 3980 est

259 4007 491 4082 materialium
533 4007 596 4100 (ita
641 4007 735 4079 enim
777 4007 899 4081 licebit
938 4007 1074 4099 dicere)
1125 4006 1265 4080 deorum

261 4107 411 4206 (Oceani
427 4105 651 4208 etTethyis),
676 4106 831 4181 secunda
853 4107 1136 4208 patriarchalium
1159 4109 1264 4206 <Cro-
