2682 4718
997 301 1090 354 ml

68 487 125 578 ni,
155 482 281 558 Rheae
305 485 414 580 cet),
445 479 547 556 tertia
579 481 751 581 regalinm
775 481 907 581 (loris,
939 483 1085 560 Iunonis

70 593 164 684 cce).
215 586 356 684 ,Primae
381 603 416 656 et
439 580 616 658 secundae
639 586 756 658 aetatis
782 586 834 660 dii
858 615 970 685 qutun
991 609 1090 660 tem--

70 691 124 786 pla
148 713 226 760 non
250 686 421 760 haherent
441 683 479 756 in
501 684 668 778 Graecia,
693 715 714 759 a
738 687 978 760 conditoribus
1002 715 1087 790 my-

71 789 248 886 thologiae
274 814 318 860 eo
343 806 478 860 tantum
503 785 653 860 consilio
678 783 790 860 additi
811 787 912 883 sunt,
937 809 978 860 ut
997 788 1087 886 regii

70 889 209 989 imperii
238 887 351 962 maior
381 885 532 983 dignitas
566 906 602 960 et
626 886 811 962 auctoritas
843 915 918 962 esse
943 888 1086 963 videre-

71 1011 121 1062 au·
147 1016 268 1088 qnam·
284 988 508 1084 antiquorum
532 1007 681 1086 patrum.
731 986 806 1061 Sed
830 1010 951 1086 postea
975 989 1088 1068 trihus

69 1087 120 1162 his
152 1089 326 1162 aetatibus
357 1085 494 1162 adiecta
525 1105 579 1158 est
611 1107 751 1184 quarta,
779 1087 890 1163 'cuius
924 1088 1087 1188 princeps

70 1210 119 1263 est
149 1189 308 1288 Apollo,
349 1213 414 1260 rex
451 1212 532 1262 vere
568 1186 703 1262 ethicus
747 1209 783 1261 et
813 1209 854 1261 ut
893 1187 941 1260 ita
971 1188 1088 1262 dicam

70 1310 299 1392 aesymnctes,
325 1315 436 1388 qutun
459 1285 618 1386 Iuppiter
644 1289 805 1387 antiquus
829 1287 969 1364 heroici
991 1310 1088 1365 tent-

91 1392 159 1464 eris
181 1417 248 1466 rex
272 1416 347 1464 esse
362 1382 539 1464 videretur
556 1387 604 1488 *).
645 1389 744 1464 Haec
766 1390 815 1462 ita
837 1389 929 1462 inter
957 1417 995 1463 se
1020 1416 1089 1465 co-

70 1420 234 1585 haerent,
265 1512 306 1564 ut
336 1488 597 1592 physiologicas
628 1489 779 1563 rationes
811 1489 969 1590 personis
994 1489 1088 1563 deo-

70 1621 144 1666 rnm
165 1592 322 1692 politicis
352 1611 456 1688 atque
491 1589 616 1665 ethicis
642 1589 815 1666 subiicere
839 1592 938 1664 nesae
963 1590 1088 1666 videa-
1129 1663 1131 1670 ,
1201 1675 1204 1687 ,

70 1715 131 1768 tur.
183 1695 233 1767 Et
256 1714 373 1766 tamen
397 1691 469 1766 hoc
496 1690 630 1766 sactum
655 1712 708 1764 est
737 1719 757 1763 a
781 1691 1002 1791 philosophis
1025 1719 1088 1766 re-

71 1794 234 1870 centioris
267 1791 398 1867 aetatis.
448 1789 714 1889 Antiquiorihns
735 1792 843 1886 enim
866 1791 1087 1892 philosophis

70 1894 229 1968 hesiodia
255 1899 390 1967 tantum
415 1892 644 1989 cosmogonia
664 1919 730 1992 pro
756 1916 875 1968 saneto
900 1890 1087 1994 sapientiae

26 2077 31 2090 ι
72 1996 300 2070 fimdamento
327 2013 421 2087 erat,
455 1992 553 2091 quod
587 1994 829 2066 auctoritatem
862 1995 968 2068 etiam
1004 2020 1087 2068 suae

73 2096 250 2172 doetrinae
276 2099 435 2188 afferret,
467 2093 498 2166 si
530 2114 609 2194 apta
641 2093 926 2192 interpretatione
953 2095 1009 2168 nsi
1043 2093 1088 2167 ad

74 2220 234 2271 mutuum
257 2223 400 2270 sensum
424 2194 690 2273 accommodoee
718 2217 870 2293 possent.
910 2197 970 2272 Sic
990 2196 1089 2270 Phe-

74 2299 216 2401 recydes
246 2299 334 2392 χάος
366 2295 568 2370 hesiodium
602 2324 623 2370 a
649 2305 791 2388 χεῖσθαι
818 2295 1015 2390 derivabat,
1049 2317 1090 2368 ut

77 2427 153 2473 cum
175 2429 240 2472 sua
265 2399 426 2473 doctrina
458 2395 504 2469 de
531 2425 621 2494 aqua
646 2395 807 2468 omnium
830 2396 931 2468 initio
964 2397 1090 2470 conci.-

78 2519 154 2572 nere
187 2499 369 2575 rideretur
400 2496 560 2571 doctrina
585 2497 754 2571 hesiodia.
812 2497 874 2572 Sic
905 2495 1090 2571 Acusilaus

81 2621 111 2672 et
130 2601 309 2678 Eumelus
332 2599 370 2671 in
402 2599 555 2672 similem
582 2601 691 2672 finem
722 2599 777 2671 nsi
811 2618 892 2685 sunt
927 2597 1090 2670 liesiodio
1189 2639 1193 2654 2

79 2702 227 2774 carmine
254 2705 304 2796 (v.
330 2701 546 2772 Clement.
562 2696 673 2772 ‘Alea
697 2699 956 2798 Stron1.VI.p.
974 2702 1088 2792 235.)

80 2799 148 2872 lam
170 2800 405 2901 Empedocles
437 2821 473 2873 et
492 2799 718 2874 Parmenides
752 2821 787 2872 et
812 2822 893 2900 post
917 2826 985 2872 eos
1009 2801 1092 2872 Xe*
1208 2874 1210 2880 ,

81 2899 254 3002 nephanes
295 2901 344 2974 ita
385 2901 539 2998 aggressi
580 2923 662 2974 sunt
706 2902 812 2974 etiam
845 2901 1092 2998 theogeniam,

82 3001 104 3071 i.
135 3031 162 3078 e.
198 3005 344 3078 alteram
376 3001 616 3104 mythologiae
652 3024 806 3101 partem,
844 3022 885 3074 ut
915 3000 1092 3075 Cronida-

85 3129 156 3176 rum
176 3130 345 3206 personas
370 3118 434 3201 per
459 3100 635 3200 (piendam
659 3102 950 3200 significationem
972 3101 1093 3172 nomi-

85 3231 162 3278 nmn
192 3203 435 3308 physiologice
468 3204 779 3301 interpretarentur
814 3207 865 3296 (v.
891 3204 1024 3298 Diog.
1051 3201 1094 3274 L:

87 3297 184 3399 Vffl,
209 3312 253 3399 2,
282 3305 339 3377 12.
363 3304 431 3395 IX,
458 3307 500 3396 3,
526 3308 592 3400 3.).
643 3303 710 3376 Usi
736 3304 830 3377 enirn
853 3304 893 3374 hi
919 3331 992 3375 esse
1011 3303 1094 3402 pri-

88 3404 131 3474 mi
151 3407 315 3481 videntur
336 3404 511 3501 allegoriis
535 3407 593 3480 vel
616 3406 793 3490 ὑπονοίαις
824 3403 884 3501 (de
909 3404 1036 3502 ‹prihm
1060 3417 1092 3478 v.

88 3501 317 3580 Platonem
340 3505 417 3578 Pol.
442 3533 478 3603 p.
505 3505 589 3578 378.
614 3505 739 3599 lise),
774 3533 859 3602 quas
884 3532 960 3578 non
978 3506 1094 3577 intel-

60 3602 207 3680 lexisse
224 3606 434 3680 *Homerum
471 3627 507 3678 et
542 3604 740 3678 Hesiodum
774 3606 811 3676 in
845 3605 1096 3705 reprehensio-
1147 3613 1148 3618 ’

92 3730 163 3780 nem
187 3707 376 3800 vocabant,
413 3707 570 3805 quamvis
596 3705 664 3810 ipsi
695 3705 735 3778 hi
764 3706 968 3807 philosophi
999 3706 1095 3806 prius

96 3867 282 3888 ‘'Q—..nunn—

122 3973 146 4037 *)
162 3979 230 4028 llaec
255 3961 344 4027 orinia
366 3977 448 4027 latius
472 3976 595 4040 persequi
622 3992 693 4028 nunc
714 3991 766 4048 non
790 3963 1021 4028 rarat.''ubertus
1037 3987 1098 4021 sen-

167 4065 276 4114 tentiam
293 4077 378 4112 meam
396 4077 531 4124 exponere
550 4067 660 4116 conatur
683 4075 740 4114 tum
766 4061 795 4114 la
818 4061 902 4114 diario
928 4061 1009 4112 litter.
1028 4057 1098 4110 tter-

166 4163 219 4200 tner
237 4151 320 4200 later.
338 4151 369 4202 Τ.
388 4149 488 4202 xxtx.
663 4143 666 4150 ⁴
687 4145 690 4150 '
1085 4144 1090 4159 '
